@book{Taylor, place={Sausalito, CA}, title={Classical mechanics}, publisher={University Science Books}, author={Taylor, John R.}, year={2005}}
